@book{catworking,
  author =       {Mac Lane, Saunders},
  shorthand =    {ML98},
  title =        {Categories for the Working Mathematician},
  publisher =    {Springer},
  year =         {1998},
  number =       {5},
  series =       {Graduate Texts in Mathematics},
  edition =      {2nd ed.}
}

@article{elmendorf09,
  author =       {Elmendorf, A. D. and Mandell, M. A.},
  title =        {Permutative categories, multicategories and algebraic
                  $K$-theory},
  journaltitle = {Algebraic and Geometric Topology},
  year =         {2009},
  volume =       {9},
  pages =        {2391-2441}
}

@unpublished{beck,
  author =       {Beck, Johnathan Mock},
  title =        {Untitled manuscript},
  year =         {1966?},
  note =         {Available on nLab, ``monadicity theorem''},
  url =          {https://ncatlab.org/nlab/files/Beck_MonadicityTheorem.pdf},
  urldate =      {25 August 2024},
}

@article{pedicchio99,
  author = {M.C. Pedicchio and R.J. Wood},
  title = {Groupoidal completely distributive lattices},
  journal = {Journal of Pure and Applied Algebra},
  volume = {143},
  number = {1},
  pages = {339-350},
  year = {1999},
  issn = {0022-4049},
  doi = {https://doi.org/10.1016/S0022-4049(98)00119-4},
  url = {https://www.sciencedirect.com/science/article/pii/S0022404998001194},
}
